@book{Adams1979,
 author = {Doublas Adams},
 title = {{The Hitchhiker's Guide to the Galaxy}},
 year = {1979}
}
